@online{fraysse2018hdr,
  author      = {Frayssé, V.},
  institution = {CERFACS},
  note        = {Accessed: 2023-11-02},
  title       = {HDR Thesis},
  url         = {https://cerfacs.fr/wp-content/uploads/2018/01/HDR-V.-Frayssé.pdf},
  year        = {2018}
}

@online{higham2020backwarderror,
  author = {Higham, Nicholas J.},
  day    = {25},
  month  = {3},
  note   = {Accessed: 2023-11-15},
  title  = {What is Backward Error?},
  url    = {https://nhigham.com/2020/03/25/what-is-backward-error/},
  year   = {2020}
}

@online{nssdc2022planetaryfactsheet,
  note         = {Accessed: 2023-11-02},
  organization = {National Space Science Data Center (NSSDC)},
  title        = {Planetary Fact Sheet},
  url          = {https://nssdc.gsfc.nasa.gov/planetary/factsheet/},
  year         = {2023}
}

@book{stoltz2023introduction,
  author    = {Stoltz, Gabriel},
  day       = {28},
  month     = {1},
  publisher = {Master de Mathématiques et Applications Spécialité Mathématiques de la Modélisation},
  title     = {An Introduction to Computational Statistical Physics},
  year      = {2023}
}
